@book{MethFr,
	author = {R. R. Tremblay, I. Perrier},
	title = {Savoir plus : outils et méthodes de travail intellectuel},
	Year = {2006},
	publisher={Les Éditions de la Chenelière inc },
}

@article{Articl1Mr,
author    =  {S. IMANE  , E. B. OMAR },
title      =  {Prediction approach for improving students orientation in  university: case of sidi mohammed ben abdelah university},
journal  =  { International Journal of Computer Science and Applications},
year        =  {2015},
pages      =  {108},
}
@book{MBaterBook,
author    =  {M. BATER },
title      =  {Learning Data mining with R },
year        =  { 2015},
publisher={Pack publish },
location={Mumbai},
pages      =  {10},
}
@misc{differenceMLDM,
	author = {SHARP SIGHT LABS},
	editor = {SHARP SIGHT LABS},
	title = {What is  the  difference  between machine learning,statistics,and datamining?},
	howpublished={\url{http://www.sharpsightlabs.com/dif ference­machine­learning­statistics­data­mining/?utm_content=buf ferf9474\&utm_medium=social}},
	note = {Accessed: 2016-05-16}
}

@misc{AndNgCourse,
	title= {Stanford CS229 -Machine Learning -Ng},
	author= {Andrew Ng},
	year= {2011},
	howpublished={\url{https://www.coursera.org/learn/machine-learning}},
	note = {Accessed: 2016-11-23 au 2016-12-05}
	}	


@book{NNBook,
	author    =  {Bishop C },
	title      =  {Neural networks for pattern recognition },
	year        =  {1995},
	publisher={Clarendon Press},
	location={Oxford},
}

@misc{SVm1,
	title= {SVM Tutorial },
	author= {Alexandre KOWALCZYK},
	year= {2014},
	howpublished={\url{http://www.svm-tutorial.com/}},
	note = {Accessed: 2016-12-6}
}
@misc{SVm2,
	title= {Everything You Wanted to Know about the Kernel Trick},
	author= {Eric Kim},
	year= {2011},
	howpublished={\url{http://www.eric-kim.net/eric-kim-net/posts/1/kernel_trick.html}},
	note = {Accessed: 2016-12-09}
}

@book{DMandMLBook,
	author    =  {Ian H. Witten,Eibe Frank,Mark A. Hall },
	title      =  {Data Mining
	Practical Machine Learning 
	Tools and Techniques },
	year        =  { 2011},
	publisher={Morgan Kaufmann Publishers },
	location={USA},
	pages      =  {1},
}
@book{TreeBk1,
	author    =  {C. Decaestecker,
	M.Saerens },
	title      =  {Les arbres de décision
	(decision trees) },
	year        =  { 2006},
	publisher={inédit ULB },
	location={Belgique},
	pages      =  {1},
}

@online{TreeAV,
	author = { ANALYTICS VIDHYA CONTENT TEAM},
	title = {A Complete Tutorial on Tree Based Modeling from Scratch (in R \& Python)
	MACHINE LEARNING PYTHON R},
	year = 2016,
	url = {https://www.analyticsvidhya.com/blog/2016/04/complete-tutorial-tree-based-modeling-scratch-in-python/},
	urldate = {2017-03-27}
}
@incollection{RandomForrest1,
	title={Random forests},
	author={Breiman, Leo},
	journal={Machine learning},
	volume={45},
	number={1},
	pages={5--32},
	year={2001},
	publisher={Springer}
}

@online{DMProces,
	author = { RITHME Consulting },
	title = {Méthodologie de mise en place du processus de data mining},
	year = 2017,
	url = {http://www.rithme.eu/?m=resources\&p=dmmethod\&lang=fr},
	urldate = {2017-04-29}
}

@unpublished{coursKasoro,
	author        = {K. Mulenda},
	title         = {cours d’intelligence artificielle et systèmes experts},
	year          = {juin 2016},
	note={ inédit FSTA ULPGL}
}
@online{differenceMLDM2,
	author = {DHAKSHAYANI N},
	editor = {Quora},
	title = {What is the difference between data mining, artificial intelligence and machine learning?},
	date = {18-06-2016},
	url = {\url{https://www.quora.com/What-is-the-difference-between-data-mining-artificial-intelligence-and-machine-learning}},
	note = {Answer To quora Question},
}

@phdthesis{DMdef,
	title={Une plate forme orient{\'e}e agent pour le data mining},
	author={CHAMI, Djazia},
	year={2010},
	school={Universit{\'e} de Batna 2}
}
@online{differenceMLDMStack,
	author = {Gongsun L.},
	editor = {StackExchange},
	title = {What is the difference between data mining, statistics, machine learning and AI?},
	date = {12-04-2013},
	url = {\url{https://stats.stackexchange.com/questions/5026/what-is-the-difference-between-data-mining-statistics-machine-learning-and-ai}},
	note = {Answer To StackExchange Question},
}
@book{Orbk1,
	author    =  {Laure J.  },
	title      =  {Guide Pratique  Parents },
	year        =  { 2015},
	location={Paris},
	pages      =  {10},
}
@book{OrBk2,
	author    = { Bruno Racine. et al s },
	title      =  {Rapport  haut conseil d’éducation  },
	year        =  { 2008},
	publisher={inédit },
	location={Paris},
}
@book{OrBk3,
	author    = { ANNIE TARDIF},
	title      =  {L’orientation scolaire et professionnelle pour la réussite des élèves handicapés ou en difficulté},
	year        =  { 2008},
	publisher={inédit},
	location={Québec},
}
@book{OrBk4,
	author    = { J. Guichard et M. Huteau},
	title      =  {Psychologie de l’orientation},
	year        =  { 2009},
	publisher={Dunod},
	location={Paris},
}
@book{OrBk5,
	author    = { ANDREANI, F. et LARTIQUE, P},
	title      =  {L’Orientation des élèves},
	year        =  { 2006},
	publisher={A. Colin},
	location={Paris},
}
@book{OrBk6,
	author    = { DELVAUX, J.P. et BRUYNEEL, A.},
	title      =  {L’orientation à l’entrée des universités congolaises},
	year        =  { 1971},
	publisher={Univ. de Kinshasa},
	location={Kinshasa},
}