@incollection{hastie2009unsupervised,
  title={Unsupervised learning},
  author={Hastie, Trevor and Tibshirani, Robert and Friedman, Jerome},
  booktitle={The elements of statistical learning},
  pages={485--585},
  year={2009},
  publisher={Springer}
}
